<collection xmlns="http://www.loc.gov/MARC21/slim">
    <record>
        <controlfield tag="001">416174</controlfield>
        <controlfield tag="005">20200802022604.0</controlfield>
        <datafield tag="041" ind1="0" ind2="7">
            <subfield code="a">cze</subfield>
        </datafield>
        <datafield tag="046" ind1=" " ind2=" ">
            <subfield code="k">2020-05-11</subfield>
        </datafield>
        <datafield tag="245" ind1="0" ind2="0">
            <subfield code="a">Ochrana obchodního tajemství (se zaměřením na směrnici 2016/943)</subfield>
            <subfield code="b">Protection of trade secrets (focusing on Directive 2016/943)</subfield>
        </datafield>
        <datafield tag="502" ind1=" " ind2=" ">
            <subfield code="c">Univerzita Karlova</subfield>
            <subfield code="b">Mgr.</subfield>
            <subfield code="d">2020</subfield>
        </datafield>
        <datafield tag="520" ind1=" " ind2=" ">
            <subfield code="a">Protection of trade secrets (with a focus on Directive 2016/943) Abstract The subject of
                this diploma thesis is to assess the protection of trade secrets in the context of Czech legislation
                with the comparison of the requirements of the Directive on the protection of trade secrets. The diploma
                thesis is based primarily on the valid legal regulations and Czech case law, which is associated with
                the regulation of the protection of trade secrets. Individual subjects of competition invest in research
                and development to gain a competitive edge or maintain their competitiveness. The results of their
                innovative activities are often subjected to dishonest practices aimed to disrupt or abuse them. The
                institute of trade secrets is one of the important ways to protect the results of innovative activities.
                Its importance is confirmed by the adoption of Directive (EU) 2016/943 of the European Parliament and of
                the Council. The first part of this diploma thesis focuses on the definition of the concept of trade
                secrets according to the Czech legislation, its comparison with the concept of the Directive and
                evaluation of their mutual compliance. The second chapter is devoted to the main theme of the diploma
                thesis, which is the protection of trade secrets under the law against unfair competition. I consider
                its regulation...
            </subfield>
            <subfield code="9">eng</subfield>
        </datafield>
        <datafield tag="520" ind1=" " ind2=" ">
            <subfield code="a">Ochrana obchodního tajemství (se zaměřením na směrnici 2016/943) Abstrakt Předmětem této
                diplomové práce je posouzení ochrany obchodního tajemství v kontextu české právní úpravy s porovnáním
                požadavků Směrnice na ochranu obchodního tajemství. Tato práce vychází zejména ze současné platné právní
                úpravy a české judikatury, jež je spojena s úpravou ochrany obchodního tajemství. Jednotlivé subjekty
                hospodářské soutěže za účelem získání konkurenční výhody či zachování si konkurenceschopnosti investují
                do výzkumu a vývoje. Výsledky této inovační činnost pak bývají často vystaveny nepoctivým praktikám
                zaměřeným na jejich narušení či zneužití. Institut obchodního tajemství je tak jedním z významných
                způsobů, jak výsledky inovační činnosti ochránit. Jeho význam potvrzuje přijetí Směrnice Evropského
                parlamentu a Rady (EU) 2016/943. V první části své diplomové práce se nejprve zaměřuji na vymezení pojmu
                obchodního tajemství dle české právní úpravy, jeho komparaci s pojetím dle Směrnice a zhodnocení jejich
                vzájemného souladu. Druhá kapitola je věnována hlavnímu zaměření této práce, kterým je ochrana
                obchodního tajemství podle práva proti nekalé soutěži. Jeho úpravu považuji za hlavní jádro ochrany,
                která je obchodnímu tajemství českým právním řádem poskytována. Nejprve jsou v této práci rozebrány
                podmínky generální...
            </subfield>
            <subfield code="9">cze</subfield>
        </datafield>
        <datafield tag="586" ind1=" " ind2=" ">
            <subfield code="a">obhájeno</subfield>
            <subfield code="b">successfully defended</subfield>
        </datafield>
        <datafield tag="653" ind1=" " ind2=" ">
            <subfield code="a">obchodní tajemství</subfield>
        </datafield>
        <datafield tag="653" ind1=" " ind2=" ">
            <subfield code="a">definice obchodního tajemství</subfield>
        </datafield>
        <datafield tag="653" ind1=" " ind2=" ">
            <subfield code="a">porušení obchodního tajemství</subfield>
        </datafield>
        <datafield tag="653" ind1=" " ind2=" ">
            <subfield code="a">Směrnice 2016</subfield>
        </datafield>
        <datafield tag="653" ind1=" " ind2=" ">
            <subfield code="a">943</subfield>
        </datafield>
        <datafield tag="653" ind1="0" ind2=" ">
            <subfield code="a">trade secret</subfield>
        </datafield>
        <datafield tag="653" ind1="0" ind2=" ">
            <subfield code="a">definition of trade secret</subfield>
        </datafield>
        <datafield tag="653" ind1="0" ind2=" ">
            <subfield code="a">breach of trade secret</subfield>
        </datafield>
        <datafield tag="653" ind1="0" ind2=" ">
            <subfield code="a">Directive (Eu) 2016</subfield>
        </datafield>
        <datafield tag="653" ind1="0" ind2=" ">
            <subfield code="a">943</subfield>
        </datafield>
        <datafield tag="710" ind1="2" ind2=" ">
            <subfield code="a">Univerzita Karlova</subfield>
            <subfield code="9">cze</subfield>
            <subfield code="b">Katedra obchodního práva</subfield>
            <subfield code="g">Právnická fakulta</subfield>
        </datafield>
        <datafield tag="710" ind1="2" ind2=" ">
            <subfield code="a">Charles University</subfield>
            <subfield code="9">eng</subfield>
            <subfield code="b">Department of Business Law</subfield>
            <subfield code="g">Faculty of Law</subfield>
        </datafield>
        <datafield tag="720" ind1=" " ind2=" ">
            <subfield code="a">Kučerová, Lucie</subfield>
        </datafield>
        <datafield tag="720" ind1=" " ind2=" ">
            <subfield code="i">Patěk, Daniel</subfield>
            <subfield code="e">advisor</subfield>
        </datafield>
        <datafield tag="720" ind1=" " ind2=" ">
            <subfield code="i">Josková, Lucie</subfield>
            <subfield code="e">referee</subfield>
        </datafield>
        <datafield tag="856" ind1="4" ind2="0">
            <subfield code="z">Odkaz na původní záznam</subfield>
            <subfield code="u">http://hdl.handle.net/20.500.11956/119687</subfield>
        </datafield>
        <datafield tag="856" ind1="4" ind2="0">
            <subfield code="u">http://www.nusl.cz/ntk/nusl-416174</subfield>
            <subfield code="z">PID NUŠL</subfield>
        </datafield>
        <datafield tag="909" ind1="C" ind2="O">
            <subfield code="o">oai:invenio.nusl.cz:416174</subfield>
            <subfield code="p">etds</subfield>
            <subfield code="p">openaire</subfield>
            <subfield code="p">global</subfield>
        </datafield>
        <datafield tag="980" ind1=" " ind2=" ">
            <subfield code="a">diplomove_prace</subfield>
        </datafield>
        <datafield tag="996" ind1=" " ind2=" ">
            <subfield code="a">Dostupné v digitálním repozitáři UK.</subfield>
            <subfield code="9">1</subfield>
            <subfield code="b">Available in the Charles University Digital Repository.</subfield>
        </datafield>
        <datafield tag="998" ind1=" " ind2=" ">
            <subfield code="a">univerzita_karlova_v_praze</subfield>
        </datafield>
    </record>
</collection>